<?xml version='1.0' encoding='UTF-8'?>
<record xmlns="http://www.loc.gov/MARC21/slim">
  <leader>01157cam a2200253 a 4500</leader>
  <controlfield tag="001">1074350</controlfield>
  <controlfield tag="003">NjP</controlfield>
  <controlfield tag="005">20170905110534.0</controlfield>
  <controlfield tag="008">960129s1978    ir       b    00 10 ara d</controlfield>
  <datafield tag="024" ind1="7" ind2=" ">
    <subfield code="a">princeton_aco002247</subfield>
    <subfield code="2">local</subfield>
  </datafield>
  <datafield ind1=" " ind2=" " tag="035">
    <subfield code="a">(OCoLC)35215940</subfield>
  </datafield>
  <datafield ind1=" " ind2=" " tag="035">
    <subfield code="a">(CStRLIN)NJPG96-B5190</subfield>
  </datafield>
  <datafield ind1=" " ind2=" " tag="035">
    <subfield code="9">CCF4375TS</subfield>
  </datafield>
  <datafield ind1=" " ind2=" " tag="035">
    <subfield code="a">1074350</subfield>
  </datafield>
  <datafield ind1=" " ind2=" " tag="040">
    <subfield code="a">NjP</subfield>
    <subfield code="c">NjP</subfield>
  </datafield>
  <datafield ind1="1" ind2=" " tag="100">
    <subfield code="a">Sīrjānī, Muḥammad al-Raḥmatī.</subfield>
  </datafield>
  <datafield ind1="1" ind2="0" tag="245">
    <subfield code="a">Mabānī irth al-minhāj fī sharḥ risālat irth Minhāj al-ṣāliḥīn /</subfield>
    <subfield code="c">li-muʾallifihi Muḥammad al-Raḥmatī al-Sīrjānī ; taṣnīf Muḥsin al-Ṭabāṭabāʾī al-Ḥakīm.</subfield>
  </datafield>
  <datafield ind1=" " ind2=" " tag="260">
    <subfield code="a">Qum :</subfield>
    <subfield code="b">al-Maṭbaʻah al-Islāmīyah,</subfield>
    <subfield code="c">1398 [1977 or 1978]</subfield>
  </datafield>
  <datafield ind1=" " ind2=" " tag="300">
    <subfield code="a">380 p. ;</subfield>
    <subfield code="c">22 cm.</subfield>
  </datafield>
  <datafield ind1=" " ind2=" " tag="504">
    <subfield code="a">Includes bibliographical references.</subfield>
  </datafield>
  <datafield ind1="2" ind2="0" tag="600">
    <subfield code="a">Ṭabāṭabāʾī al-Ḥakīm, Muḥsin ibn Mahdī.</subfield>
    <subfield code="t">Minhāj al-ṣāliḥīn.</subfield>
  </datafield>
  <datafield ind1=" " ind2="0" tag="650">
    <subfield code="a">Inheritance and succession (Islamic law)</subfield>
    <subfield code="0">http://id.loc.gov/authorities/subjects/sh85066384</subfield>
  </datafield>
  <datafield ind1=" " ind2=" " tag="998">
    <subfield code="a">07/31/96</subfield>
    <subfield code="s">9114</subfield>
    <subfield code="n">NjP</subfield>
    <subfield code="w">NJPG96B5190</subfield>
    <subfield code="d">01/29/96</subfield>
    <subfield code="c">NHD</subfield>
    <subfield code="b">KC</subfield>
    <subfield code="i">960731</subfield>
    <subfield code="l">NJPG</subfield>
  </datafield>
  <datafield ind1=" " ind2=" " tag="911">
    <subfield code="a">19960808</subfield>
  </datafield>
  <datafield ind1=" " ind2=" " tag="912">
    <subfield code="a">19960731000000.0</subfield>
  </datafield>
  <datafield ind1="0" ind2="0" tag="852">
    <subfield code="0">1236541</subfield>
    <subfield code="b">nec</subfield>
    <subfield code="t">1</subfield>
    <subfield code="h">KBP370.T333</subfield>
    <subfield code="i">S575 1977</subfield>
  </datafield>
  <datafield ind1=" " ind2=" " tag="959">
    <subfield code="a">2000-06-13 00:00:00 -0400</subfield>
  </datafield>
</record>
